<?xml version="1.0" encoding="UTF-8"?><collection xmlns="http://www.loc.gov/MARC21/slim"><record><leader>00515nam--2200181-u-4500</leader><controlfield tag="001">000052148</controlfield><controlfield tag="002">20161230</controlfield><controlfield tag="005">20161230201049</controlfield><controlfield tag="008">090814s1000------------r-----000-0-eng-d</controlfield><datafield ind1=" " ind2=" " tag="040"><subfield code="a">IFIN-HH</subfield></datafield><datafield ind1=" " ind2=" " tag="080"><subfield code="a">550.3</subfield></datafield><datafield ind1="1" ind2=" " tag="100"><subfield code="a">Enescu, Nicoleta</subfield></datafield><datafield ind1="1" ind2="0" tag="245"><subfield code="a">On Seiesmic Signal Detection and Processing Using Neural Networks</subfield><subfield code="b">Teza</subfield><subfield code="c">Nicoleta Enescu</subfield></datafield><datafield ind1=" " ind2=" " tag="260"><subfield code="a">Bucuresti</subfield><subfield code="b">Ifa</subfield><subfield code="c">2009</subfield></datafield><datafield ind1=" " ind2=" " tag="300"><subfield code="a">140 p</subfield></datafield><datafield ind1=" " ind2=" " tag="502"><subfield code="a">Scientific Advisor: Dr. Mircea Radulian</subfield></datafield><datafield ind1=" " ind2=" " tag="852"><subfield code="a">82275</subfield><subfield code="c">550.3</subfield></datafield><datafield ind1=" " ind2=" " tag="CAT"><subfield code="a">Sys</subfield><subfield code="c">20110408</subfield><subfield code="h">121657</subfield></datafield></record></collection>